@inproceedings{ConstFS,
  author = {{\textbf{Feichi, Chen}} and Chen, Xiaokang and Lou, Xuanhao and {Naye, Ji}\textsuperscript{*}},
  title = {ConstFS: Controlled and Stable Face Stylization with High Identity-Preserved},
  year = {2025},
  booktitle = {Proceedings of the 18th International Symposium on Visual Information Communication and Interaction},
  series = {VINCI '25}
}

@inproceedings{CFST,
  author = {{\textbf{Feichi, Chen}} and {Naye, Ji}\textsuperscript{*} and Zhao, Youbin and Gao, Fuxing},
  title = {Controllable Feature-Preserving Style Transfer},
  year = {2023},
  isbn = {978-981-99-7587-7},
  publisher = {Springer Nature Singapore},
  address = {Singapore},
  booktitle = {AI-generated Content},
  pages = {95--104},
  series = {AIGC '23'},
}
